@article{Turky,
title={The use of genetic algorithm for traffic light and pedestrian crossing control},
author={Turky, Ayad Mashaan, Mohd Sharifuddin Ahmad, and Mohd Zaliman Mohd Yusoff},
journal={International Journal of Computer Science and Network Security},
volume={9.2 (2009): 88-96},
year= 2009,
}

@article{Gora,
title={A genetic algorithm approach to optimization of vehicular traffic in cities by means of configuring traffic lights},
author={ Gora, Pawe≈Ç},
journal={Emerging Intelligent Technologies in Industry},
volume={Springer, Berlin, Heidelberg, 2011. 1-10.},
year = 2011
}

@article{Nwiabu,
title={Traffic Light Control System using Genetic Algorithm},
author={Nwiabu, Nuka D., and Emem E. Udoudom},
journal={International Journal of Computer Application},
volume={975: 8887},
year = 2018
}

@article{Liu,
title={Intelligent traffic light control using distributed multi-agent Q learning},
author={Y. Liu, L. Liu and W. -P. Chen},
journal={ 2017 IEEE 20th International Conference on Intelligent Transportation Systems (ITSC)},
volume={2017, pp. 1-8, doi: 10.1109/ITSC.2017.8317730},
year = 2017
}

@article{Sofronova,
title={Optimal control for traffic flows in the urban road networks and its solution by variational genetic algorithm},
author={Sofronova, E. A., A. A. Belyakov, and D. B. Khamadiyarov},
journal={ Procedia Computer Science},
volume={150 (2019): 302-308},
year = 2019
}

@article{Dang-Nhac,
title={A novel traffic routing method using hybrid Ant Colony System based on genetic algorithm},
author={Lu, Dang-Nhac, et al},
journal={ 2017 International Conference on Information Networking (ICOIN)},
volume={IEEE, 2017},
year = 2017
}

@article{Semet,
title={Expert Competitive Traffic Light Optimization with Evolutionary Algorithms},
author={Semet, Yann, et al},
journal={ VEHITS},
volume={2019},
year = 2019
}

@article{Nguyen,
title={A hybrid method based on genetic algorithm and ant colony system for traffic routing optimization},
author={Nguyen, Thi-Hau, et al},
journal={ VNU Journal of Science: Computer Science and Communication Engineering},
volume={36.1, 2020},
year = 2020
}

@article{Mao,
title={Boosted genetic algorithm using machine learning for traffic control optimization},
author={Mao, Tuo, et al},
journal={ IEEE Transactions on Intelligent Transportation Systems},
volume={2021},
year = 2021
}

@article{Tan,
title={Hierarchical multi-agent system in traffic network signalization with improved genetic algorithm},
author={Tan, Min Keng, et al},
journal={ 2018 IEEE International Conference on Artificial Intelligence in Engineering and Technology (IICAIET)},
volume={IEEE, 2018},
year = 2018
}

@article{Rida,
title={Ant Colony Optimization for Real Time Traffic Lights Control on a Single Intersection},
author={Rida, N., Ouadoud, M. & Hasbi, A},
journal={International Association of Online Engineering},
volume={Retrieved June 4, 2022 from https://www.learntechlib.org/p/216584/},
year = 2020
}

@article{Fujdiak,
title={Verification of genetic algorithm in dynamic traffic light management},
author={Fujdiak, Radek, et al},
journal={2015 38th International Conference on Telecommunications and Signal Processing (TSP)},
volume={IEEE, 2015},
year = 2015
}

@online{INRIX,
    author = "Mark Burfeind",
    title = "Congestion Costs Each American Nearly 100 hours, \$1,400 A Year",
    url  = "https://inrix.com/press-releases/2019-traffic-scorecard-us/",
    addendum = "(accessed: 07.01.2022)",
    year = 2020
}

@online{Jones,
    author = "Stephanie Jones",
    title = "Optimizing traffic signals to reduce wait times at intersections",
    url  = "https://engineering.tamu.edu/news/2021/01/optimizing-traffic-signals-to-reduce-wait-times-at-intersections.html",
    addendum = "(2021, January 14)",
    year = 2021
}

@online{USDOT,
    author = "USDOT",
    title = "Traffic Signal Timing Manual",
    url  = " https://ops.fhwa.dot.gov/publications/fhwahop08024/chapter5.htm#5.2",
    addendum = "(2021, April 27)",
    year = 2021
}


